
%============================================================
%=== Kapitel 1: Einleitung
%============================================================


%============================================================
%=== Kapitel 2: Prozedurale Generierung in anderen Programmen
%============================================================

%=== Höhlen

@book{B_Hoehlen,
    author  = {Hubert Trimmel},
    title   = {Höhlenkunde},
    publisher = {Friedr. Vieweg \& Sohn GmbH},
    year = 1968,
}

@misc{W_HoehleDef, 
		author = {Jochen Duckeck}, 
		title = {Klassifikation von Höhlen},
		howpublished = {Website},
		year = 2011,
		month = dec,
		day = 27,
		url = {http://www.showcaves.com/german/explain/Speleology/Classification.html},
		lastchecked = {18.\,Juni\,2012},
} 


@misc{W_HoehleGletscher, 
		author = {Benedikt Hakel}, 
		title = {Gletscherhöhle},
		howpublished = {Website},
		year = 2009,
		month = dec,
		day = 7,
		url = {http://www.fotocommunity.de/pc/pc/display/19475695},
		lastchecked = {18.\,Juni\,2012},
} 
@misc{W_HoehleLava, 
		author = {Dirk Neumann}, 
		title = {Höhlenbildung},
		howpublished = {Website},
		year = 2009,
		month = jun,
		url = {http://www.planet-wissen.de/natur_technik/hoehlen/hoehlenforschung/wie_hoehlen_entstehen.jsp},
		lastchecked = {18.\,Juni\,2012},
} 
@misc{W_HoehleMammut, 
		author = {Johann Steininger}, 
		title = {Dachstein Höhlenwelt: Mammuthöhle Paläotraun},
		howpublished = {Website},
		year = 2011,
		month = may,
		url = {http://www.foto360.at/vr_panorama_fotos_dyn/fullscreen/vollbild_qtvr_panorama_photo.php?id=616},
		lastchecked = {18.\,Juni\,2012},
} 
@misc{W_HoehleWueste, 
		author = {Dionys Moser}, 
		title = {My Cave},
		howpublished = {Website},
		year = 2006,
		month = sep,
		url = {https://naturfotografen-forum.de/o43935-My+Cave},
		lastchecked = {18.\,Juni\,2012},
} 
@misc{W_HoehleCrystalCaveGrundriss, 
		author = {{University of Wisconsin}}, 
		title = {Crystal Cave},
		howpublished = {Website},
		year = 2007,
		url = {http://www.uwec.edu/jolhm/Cave2007/TeamC/TeamC/Home.html},
		lastchecked = {18.\,Juni\,2012},
} 

%=== Dungeons

@book{B_DnDGruumsch,
    author  = {Christopher Perkins},
    title   = {Dungeons \& Dragons Campaign Accessory - Forgotten Realms: Sons of Gruumsh},
    publisher = {Wizards of the Coast Inc.},
    year = 2005,
    isbn  = {978-0-7869-3698-4, 0-7869-3698-3},
}
@book{B_DnDSerp,
    author  = {Ed Greenwood and Eric L. Boyd and Darrin Drader},
    title   = {Dungeons \& Dragons Campaign Supplement - Forgotten Realms: Serpent Kingdoms},
    publisher = {Wizards of the Coast Inc.},
    year = 2004,
    isbn  = {0-7869-3277-5},
}
@book{B_DnDRaiders,
    author  = {Skip Williams},
    title   = {Dungeons \& Dragons Web Enhancement - Races of Stone: Raiders of the High Citadel},
    publisher = {Wizards of the Coast Inc.},
    year = 2004,
		url = {http://www.wizards.com/default.asp?x=dnd/we/20040813a},
		note = {Abruf: 24. Juni 2012},
}
%lastchecked = {24.\,Mai\,2012}, -> funktioniert nicht mit book

@misc{W_FantasticWorlds, 
		author = {Logan}, 
		title = {Fantastic Worlds - Fantastische Welten: Megadungeons Teil 1},
		howpublished = {Website},
		month = dec,
		year = 2010,
		url = {http://cimorra.blogspot.de/2010/12/philosophie-megadungeons.html},
		lastchecked = {18.\,Juni\,2012},
}

@misc{W_WorldOfWarcraft, 
		author = {{Blizzard Entertainment}}, 
		title = {World of Warcraft},
		howpublished = {Computerspiel},
		year = 2012,
		url = {http://eu.blizzard.com/de-de/games/wow/},
		lastchecked = {18.\,Juni\,2012},
		note = {Erstveröffentlichung: 2004},
}


%=== Screenshots aus Computerspielen

@misc{W_Diablo2, 
		author = {{Blizzard Entertainment}}, 
		title = {Diablo II},
		howpublished = {Computerspiel},
		year = 2012,
		url = {http://eu.blizzard.com/de-de/games/d2/},
		lastchecked = {18.\,Juni\,2012},
		note = {Erstveröffentlichung: 2000},
}

@misc{W_Diablo3, 
		author = {{Blizzard Entertainment}}, 
		title = {Diablo III},
		howpublished = {Computerspiel},
		year = 2012,
		url = {http://eu.blizzard.com/de-de/games/d3/},
		lastchecked = {18.\,Juni\,2012},
		note = {Erstveröffentlichung: 2012},
}



%=== Prozedurale Generierung
%misc{W_Terragen, 
%		author = {{Planetside Software}}, 
%		title = {Terragen},
%		howpublished = {Website}, 
%		url = {http://www.planetside.co.uk/},
%		lastchecked = {24.\,Mai\,2012},
%} 
%
%misc{W_WorldMachine, 
%		author = {Stephen Schmitt}, 
%		title = {World Machine},
%		howpublished = {Website}, 
%		url = {http://www.world-machine.com/},
%		lastchecked = {24.\,Mai\,2012},
%} 
%
%misc{W_PCGW_Main, 
%		author = {{Procedural Content Generation Wiki}}, 
%		title = {Main Page},
%		howpublished = {Website}, 
%		url = {http://pcg.wikidot.com/},
%		lastchecked = {16.\,Juni\,2011},
%} 

%=== Spiele allgemein
%article{A_EliteGen,
%    author  = {Francis Spufford},
%    title   = {Backroom Boys},
%    journal = {Guardian},
%    volume  = "18.\," # oct,
%  	pages = {S. 34},
%  	year = 2003,
%  	url = {http://www.guardian.co.uk/books/2003/oct/18/features.weekend},
%		lastchecked = {24.\,Mai\,2012},
%}

%misc{W_EliteGen, 
%		author = {{Elite Wiki}}, 
%		title = {Random number generator},
%		howpublished = {Website},
%		year = 2010,
%		month = may,
%		url = {http://wiki.alioth.net/index.php/Random_number_generator},
%		lastchecked = {12.\,Mai\,2012},
%} 

%misc{W_ElitePage, 
%		author = {{Moby Games}}, 
%		title = {Elite},
%		howpublished = {Website},
%		year = 2012,
%		url = {http://www.mobygames.com/game/elite},
%		lastchecked = {24.\,Mai\,2012},
%}


@misc{W_MinecraftGen, 
		author = {Markus Persson}, 
		title = {The Word of Notch: Terrain generation, Part 1},
		howpublished = {Website},
		year = 2011,
		month = mar,
		url = {http://notch.tumblr.com/post/3746989361/terrain-generation-part-1},
		lastchecked = {18.\,Juni\,2012},
}

@misc{W_MinecraftPage, 
		author = {Mojang}, 
		title = {Minecraft},
		howpublished = {Computerspiel},
		year = 2012,
		url = {http://www.minecraft.net/},
		lastchecked = {18.\,Juni\,2012},
		note = {Erstveröffentlichung: 2009},
}
 
%misc{W_kkrieger, 
%		author = {{.theprodukkt}}, 
%		title = {.kkrieger},
%		howpublished = {Website},
%		year = 2011,
%		url = {http://www.theprodukkt.com/kkrieger},
%		lastchecked = {19.\,Juni\,2011},
%} 
%misc{W_kkriegerGen, 
%		author = {{.theprodukkt}}, 
%		title = {.theprodukkt},
%		howpublished = {Website},
%		year = 2011,
%		url = {http://www.theprodukkt.com/theprodukkt},
%		lastchecked = {19.\,Juni\,2011},
%} 

@misc{W_Farbrausch, 
		author = {Farbrausch}, 
		title = {Farbrausch},
		howpublished = {Website},
		year = 2010,
		url = {http://www.farb-rausch.com/},
		lastchecked = {18.\,Juni\,2012},
} 
@misc{W_kkriegerPostmortem, 
		author = {Fabian Giesen}, 
		title = {.kkrieger Postmortem},
		howpublished = {Website},
		year = 2004,
		month = oct,
		url = {http://web.archive.org/web/20050216145754/http://game-face.de/article.php3?id_article=132},
		lastchecked = {18.\,Juni\,2012},
} 

%misc{W_RoguelikeDef, 
%		author = {RogueBasin}, 
%		title = {What a roguelike is},
%		howpublished = {Website}, 
%		year = 2012,
%		month = may,
%		url = {http://roguebasin.roguelikedevelopment.org/index.php/What_a_roguelike_is},
%		lastchecked = {24.\,Mai\,2012},
%}


@misc{W_RoguelikeDefWiki, 
		author = {Wikipedia},
		title = {Roguelike},
		howpublished = {Website}, 
		year = 2012,
		month = may,
		url = {http://en.wikipedia.org/wiki/Roguelike},
		lastchecked = {18.\,Juni\,2012},
}


%=== Dungeons in Spielen

@misc{W_RoguelikeGen, 
		author = {Mark Damon Hughes}, 
		title = {Roguelike Dungeon Generation},
		howpublished = {Website}, 
		year = 2010,
		url = {http://kuoi.com/~kamikaze/GameDesign/art07_rogue_dungeon.php},
		lastchecked = {18.\,Juni\,2012},
}
 
@misc{W_DungMakMan, 
		author = {Dr. Peter Henningsen}, 
		title = {Manual for the DungeonMaker ver 2.0},
		howpublished = {Website}, 
		url = {http://dungeonmaker.sourceforge.net/DM2_Manual/index.html},
		year = 2002,
		lastchecked = {18.\,Juni\,2012},
}
@misc{W_DungMakSug, 
		author = {Dr. Peter Henningsen}, 
		title = {How We Envision Using the DungeonMaker},
		howpublished = {Website}, 
		url = {http://dungeonmaker.sourceforge.net/DM2_Manual/manVision.html},
		year = 2002,
		lastchecked = {18.\,Juni\,2012},
}

@misc{W_DungCellGen, 
		author = {Dana Larose}, 
		title = {Using A Cellular Automata Style Rule To Create A Cave System},
		howpublished = {Website},
		month = feb,
		year = 2003,
		url = {http://pixelenvy.ca/wa/ca_cave.html},
		lastchecked = {18.\,Juni\,2012},
} 

* zelluläre Automaten
* Perlin Noise

%============================================================
%=== Kapitel 3: Pipeline
%============================================================

@misc{W_Irrlicht, 
		author = {{Irrlicht Team}}, 
		title = {Irrlicht Engine Homepage},
		howpublished = {Website},
		year = 2012,
		url = {http://irrlicht.sourceforge.net/},
		lastchecked = {18.\,Juni\,2012},
}

@phdthesis{T_EngineVergleich,
    author  = {Phillip Bolz and Stephan Fischer and Maximilian Hönig and Sebastian Schenk and Daniel Schulz and Maik Urbannek},
    title   = {Vergleich und Bewertung von 3D-Toolkits hinsichtlich ihrer Eignung für VR-Inszenierungen},
    school = {Martin-Luther-Universität Halle-Wittenberg},
    year = 2009,
    type = {Projektarbeit},
}
%type = {Projektarbeit Wintersemester 2008/2009},

@phdthesis{T_BachelorHoenig,
    author  = {Maximilian Hönig},
    title   = {Umsetzung eines 3D-Action-Adventures mit der Open Source Engine Irrlicht},
    school = {Martin-Luther-Universität Halle-Wittenberg},
    year = 2009,
    type = {Bachelorarbeit},
}

%Zufallsgenerator
@book{B_Knuth,
    author  = {Donald E. Knuth},
    title   = {The Art of Computer Programming - Volume 2 / Seminumerical Algorithms},
    publisher = {Addison-Wesley},
    year = 1998,
    isbn  = {0-201-89684-2},
    note = {3. Auflage},
}

%misc{W_Rand, 
%		author = {{The IEEE and The Open Group}}, 
%		title = {The Open Group Base Specifications Issue 6 IEEE Std 1003.1: rand, rand\_r, srand - pseudo-random number generator},
%		howpublished = {Website},
%		year = 2004,
%		url = {http://pubs.opengroup.org/onlinepubs/009695399/functions/rand.html},
%		lastchecked = {14.\,April\,2012},
%} 

%http://pubs.opengroup.org/onlinepubs/009695399/functions/drand48.html

* Verschmelzung polygonaler Netze (für Ansatz 1.2) -> teure Operation
Yamakawa.pdf ... Removing Selfintersections
proc08.pdf -> Rosen ... Nahtlose Übergänge zwischen verschiedenen Dreiecksmeshes

** Manhatten-Abstand
* Eulerwinkel
* homogene Koordinaten

%============================================================
%=== Kapitel 4: Fraktale im Voxelraum
%============================================================

@book{B_Mandelbrot,
    author  = {Benoît B. Mandelbrot},
    title   = {Die fraktale Geometrie der Natur},
    publisher = {Birkhäuser Verlag},
    year = 1991,
    isbn  = {3-7643-2646-8},
}

@misc{W_Quadsoft, 
		author = {Adrian Jan Jablonski}, 
		title = {Fraktale Geometrie},
		howpublished = {Website},
		year = 2011,
		month = jul,
		url = {http://quadsoft.org/fraktale/},
		lastchecked = {18.\,Juni\,2012},
}

%=== L-Systeme

@book{B_LindSys,
    author  = {Grzegorz Rozenberg and Arto Salomaa},
    title   = {Lindenmayer Systems},
    publisher = {Springer-Verlag},
    year = 1992,
    isbn  = {3-540-55320-7, 0-387-55320-7},
}

@book{B_AlgBoP,
    author  = {Przemyslaw Prusinkiewicz and Aristid Lindenmayer},
    title   = {The Algorithmic Beauty of Plants},
    publisher = {Springer-Verlag},
    year = 1990,
    isbn  = {3-540-97297-8, 0-387-97297-8},
}

@book{B_GraDV2,
    author  = {José Encarnação and Wolfgang Straßer and Reinhard Klein},
    title   = {Graphische Datenverarbeitung 2},
    publisher = {R. Oldenbourg Verlag},
    year = 1997,
    isbn  = {3-486-23469-2},
    note = {4. Auflage},
}

%=== Voxel

@article{bresenham1965algorithm,
  title={Algorithm for computer control of a digital plotter},
  author={Bresenham, J.E.},
  journal={IBM Systems Journal},
  volume={4},
  number={1},
  pages={25-30},
  year={1965},
  publisher={IBM}
}

@inproceedings{A_Bresen3D,
    author  = {X.-W. Liu and K. Cheng},
    title   = {Three-dimensional extension of Bresenham's algorithm and its application in straight-line interpolation},
    booktitle   = {Proceedings of the Institution of Mechanical Engineers, Part B: Journal of Engineering Manufacture},
    year = 2002,
    volume={216},
	  number={3},
    pages={459-463},
    publisher={Sage Publications},
}
%url = {http://pib.sagepub.com/content/216/3/459},
%	lastchecked = {17.\,Juli\,2011},

@misc{W_WikiBresen,
		author = {{Wikimedia Commons}},
		title = {Bresenham-Algorithmus: rasterisierte Linie, im Vergleich zum Verlauf der Fehlervariablen},
		howpublished = {Website},
		year = 2010,
		month = oct,
  	url = {http://de.wikipedia.org/w/index.php?title=Datei:BresenhamLine2.png&filetimestamp=20101017164957},
		lastchecked = {18.\,Juni\,2012},
} 

- Voxel: siehe B\_Foley

% 4er/8er Nachbarschaft
@book{B_DigBildv,
    author  = {Wilhelm Burger and Mark James Burge},
    title   = {Digitale Bildverarbeitung},
    publisher = {Springer-Verlag},
    year = 2006,
    isbn  = {3-540-30940-3},
    note = {2. Auflage},
}

* if-Anweisung ist teure Operation
%** Turtle-Grafik
%** Zusammenhangskomponente

%============================================================
%=== Kapitel 5: Umwandlung Voxel->Mesh
%============================================================

@misc{W_VertexNormal, 
		author = {Kenneth Sloan}, 
		title = {Generating Surface Normals},
		howpublished = {Website}, 
		url = {http://steve.hollasch.net/cgindex/geometry/surfnorm.html},
		year = 1991,
		lastchecked = {18.\,Juni\,2012},
}

% Sweep-Verfahren: Buch 'Algorithmische Geometrie, 2. Auflage'
@book{B_AlgGeo,
    author  = {Rolf Klein},
    title   = {Algorithmische Geometrie},
    publisher = {Springer-Verlag},
    year = 2005,
    isbn  = {3-540-20956-5},
    note = {2. Auflage},
}

% Octree: Buch 'Mathematics for 3D Game Programming and Computer Graphics'
@book{B_3DGameProg,
    author  = {Eric Lengyel},
    title   = {Mathematics for 3D Game Programming and Computer Graphics},
    publisher = {Charles River Media},
    year = 2004,
    isbn  = {978-1-58450-277-7, 1-58450-277-0},
    note = {2. Auflage},
}

% Normalen per Winkel
@misc{W_IrrlichtDokuMeshMani, 
		author = {{Irrlicht Team}},
		title = {Irrlicht Engine Class Reference - IMeshManipulator},
		howpublished = {Website},
		year = 2010,
		month = jan,
		url = {http://irrlicht.sourceforge.net/docu/classirr_1_1scene_1_1_i_mesh_manipulator.html},
		lastchecked = {18.\,Juni\,2012},
}

% Lambertsches Beleuchtungsmodell
@book{B_Foley,
    author  = {James D. Foley and Andries {van Dam} and Steven K. Feiner and John F. Hughes},
    title   = {Computer Graphics: Principles and Practice},
    publisher = {Addison-Wesley},
    year = 1997,
    isbn  = {0-201-84840-6},
}

- prozedurale Texturen: GDV2

% Hashtabelle: Buch 'Algorithmen und Datenstrukturen' S. 397
@book{B_AlgDaten,
    author  = {Gunter Saake and Kai-Uwe Sattler},
    title   = {Algorithmen und Datenstrukturen},
    publisher = {dpunkt.verlag},
    year = 2006,
    isbn  = {3-89864-385-9},
    note = {3. Auflage},
}

%** Color Clamping
%** Look-Up-Tabelle

%============================================================
%=== Kapitel 6: Gangspline
%============================================================
@book{salomon2006curves,
  title={Curves and Surfaces for Computer Graphics},
  author={David Salomon},
  year={2006},
  publisher={Springer-Verlag New York Inc},
  isbn  = {978-0-387-24196-8, 0-387-24196-5, 0-387-28452-4},
}

% Bisektionsverfahren
@book{B_NumAnalysis,
  title={Numerical Analysis},
  author={Richard L. Burden and J. Douglas Faires},
  year={2001},
  publisher={Brooks/Cole},
  isbn  = {0-534-38216-9},
  note = {7. Auflage},
}

** Parametrisierung über Bogenlänge
** Frenetsches Koordinatensystem

%============================================================
%=== Kapitel 7: Platzierung von Räumen und Verlegung von Gängen
%============================================================

- Bezier: Salomon
- Hermite zu Bezier: Salomon

% Eigenschaft Bersteinpolynome Zerlegung der 1: Graphische Datenverarbeitung 1
@book{B_GraDV1,
    author  = {José Encarnação and Wolfgang Straßer and Reinhard Klein},
    title   = {Graphische Datenverarbeitung 1},
    publisher = {R. Oldenbourg Verlag},
    year = 1996,
    isbn  = {3-486-23223-1},
    note = {4. Auflage},
}

% Definition konvexe Hülle: Buch über algorithmische Geometrie
@book{B_RourkeCompGeo,
  title={Computional Geometry in C},
  author={Joseph O'Rourke},
  year={1994},
  publisher={Cambridge University Press},
  isbn  = {0-521-44592-2},
}


** Bildfilter


%============================================================
%=== Kapitel 8: Level of Detail
%============================================================

% Sichtbarkeitsgraph
book{B_CompGeo,
    author  = {Mark de Berg and Otfried Cheong and Marc van Kreveld and Mark Overmars},
    title   = {Computional Geometry},
    publisher = {Springer Verlag},
    year = 2008,
    isbn  = {978-3-540-77973-5},
    note = {3. Auflage},
}


% Dijkstra
@book{B_AlgoEinf,
    author  = {Th. H. Cormen and Ch. E. Leiserson and R. Rivest and C. Stein},
    title   = {Algorithmen - Eine Einführung},
    publisher = {Oldenbourg Verlag},
    year = 2010,
    isbn  = {978-3-486-59002-9},
    note = {3. Auflage},
}

% LOD
@book{B_LoD3D,
    author  = {David Luebke and Martin Reddy and Jonathan D. Cohen and Amitabh Varshney and Benjamin Watson and Robert Huebner},
    title   = {Level of Detail for 3D Graphics},
    publisher = {Morgan Kaufmann Publishers},
    year = 2003,
    isbn  = {978-1-55860-838-2, 1-55860-838-9},
}

%techreport{A_SimplificationTokyo,
%    author  = {J. Zhu and T. Tanaka and Y. Saito},
%    title   = {A New Mesh Simplification Algorithm for the Application of Surface Sculpture},
%    institution  = {Tokyo Institute of Technology},
%    year = 2005,
%}
@phdthesis{A_SimplificationTokyo,
    author  = {J. Zhu and T. Tanaka and Y. Saito},
    title   = {A New Mesh Simplification Algorithm for the Application of Surface Sculpture},
    school = {Tokyo Institute of Technology},
    year = 2005,
    type = {Forschungsbericht},
}
%inproceedings{A_SimplificationTokyo,
%  title={A New Mesh Simplification Algorithm for the Application of Surface Sculpture},
%  author={J. Zhu and T. Tanaka and Y. Saito},
%  booktitle={Proceeding of The First JTU-TIT Joint Workshop on Creative Engineering---Mechanics, Control and Advanced Robotics, Shanghai/Xian, China},
%  number={11-15},
%  pages={9},
%  year={2005}
%}

-> Title ist hier nicht kursiv geschieben! -> korrigieren Anm: bei Bresenham auch nicht


@book{rossignac1992multi,
  title={Multi-resolution 3D approximations for rendering complex scenes},
  author={Rossignac, Jarek R. and Borrell, Paul},
  year={1992},
  publisher={IBM Research Division, TJ Watson Research Center}
}

@article{schroeder1992decimation,
  title={Decimation of triangle meshes},
  author={William J. Schroeder and Jonathan A. Zarge and William E. Lorensen},
  journal={ACM Siggraph Computer Graphics},
  volume={26},
  number={2},
  pages={65-70},
  year={1992},
  publisher={ACM Association for Computing Machinery}
}
%http://dl.acm.org/citation.cfm?id=142920&CFID=105028417&CFTOKEN=61473397

@inproceedings{garland1997surface,
  title={Surface simplification using quadric error metrics},
  author={Garland, Michael and Heckbert, Paul S.},
  booktitle={Proceedings of the 24th annual conference on Computer graphics and interactive techniques},
  pages={209-216},
  year={1997},
  organization={ACM Press/Addison-Wesley Publishing Co.}
}
%http://dl.acm.org/citation.cfm?id=258734

* Valve Hammer Editor: Visibility-Berechnung:
https://developer.valvesoftware.com/wiki/Visibility_optimization
--> nutzt BSP-Tree

%============================================================
%=== Kapitel 9: Programmstruktur
%============================================================
@misc{W_UMLSuper,
		author = {{OMG Objekt Management Group}},
		title = {OMG Unfified Modeling Language Superstructure},
		howpublished = {Spezifikation},
		year = 2011,
		month = aug,
  	url = {http://www.omg.org/spec/UML/2.4.1/Superstructure},
		lastchecked = {18.\,Juni\,2012},
} 

@misc{W_UMLInfra,
		author = {{OMG Objekt Management Group}},
		title = {OMG Unfified Modeling Language Infrastructure},
		howpublished = {Spezifikation},
		year = 2011,
		month = aug,
  	url = {http://www.omg.org/spec/UML/2.4.1/Infrastructure},
		lastchecked = {18.\,Juni\,2012},
} 


%============================================================
%=== Kapitel 10: Auswertung
%============================================================

@phdthesis{T_MasterJanusch,
    author  = {Sven Janusch},
    title   = {Konzeption und Realisierung eines prozeduralen Ansatzes zur Erzeugung von Gebäuden},
    school = {Hochschule Darmstadt},
    year = 2007,
    type = {Masterarbeit},
}
%url = {http://www.fbti.de/fileadmin/media/img/teaser/FBTI/Paemierungen/Masterarbeit_Janusch.pdf},
%lastchecked = {14.\,September\,2011},

@article{lorensen1987marching,
  title={Marching cubes: A high resolution 3D surface construction algorithm},
  author={William E. Lorensen and Harvey E. Cline},
  journal={ACM Siggraph Computer Graphics},
  volume={21},
  number={4},
  pages={163-169},
  year={1987},
  publisher={ACM Association for Computing Machinery}
}
%http://dl.acm.org/citation.cfm?id=37402&CFID=105028417&CFTOKEN=61473397


* Buch 'Natur als fraktale Grafik': bekannte Fraktale S.22, S.156 - 160


%============================================================
%=== Anhang A: Export
%============================================================


%============================================================
%=== Anhang A: DVD-Inhalt
%============================================================

misc{W_IrrlichtDownload, 
		author = {{Irrlicht Team}}, 
		title = {Downloads},
		howpublished = {Website},
		year = 2012,
		url = {http://irrlicht.sourceforge.net/downloads/},
		lastchecked = {18.\,Juni\,2012},
}

@misc{W_IrrEdit,
		author = {Ambiera}, 
		title = {irrEdit},
		howpublished = {Website},
		year = 2012,
		url = {http://www.ambiera.com/irredit/},
		lastchecked = {18.\,Juni\,2012},
}

@misc{W_LSys_HexaKolam,
		author = {{Universität Bayreuth}}, 
		title = {Hexagonal kolam},
		howpublished = {Website},
		month = jun,
		year = 2011,
		url = {http://jsxgraph.uni-bayreuth.de/wiki/index.php?title=Hexagonal_kolam&oldid=5201},
		lastchecked = {18.\,Juni\,2012},
}



http://jsxgraph.uni-bayreuth.de/wiki/index.php/Hexagonal_kolam

%============================================================
%============================================================
%============================================================

%=== Buecher
%=== Artikel
author, title, institution, year 
type, note, number, address, month
%=== Projektarbeiten, Masterarbeiten, Doktorarbeiten

%=== Webseiten

%===================
%Unbenutzt
 

misc{W_Dwarffortress,
		author = {{bay12games}}, 
		title = {Dwarf Fortress},
		howpublished = {Website},
		year = 2011,
		url = {http://www.bay12games.com/dwarves/},
		lastchecked = {19.\,Juni\,2011},
} 

%===================
%Beispiele

misc{W_Dschinn, 
		author = {Maximilian Hönig and Lord Squarefox}, 
		title = {Homepage von Dschinn-Entertainment},
		howpublished = {Website}, 
		url = {http://www.dschinn-entertainment.de},
		lastchecked = {02.\,Mai\,2002},
}
